@book{Chung2003,
  title={Simulation modeling handbook: a practical approach},
  author={Chung, Christopher A},
  year={2003},
  publisher={CRC press}
}
@article{Klugl2012agent,
  title={Agent-based modeling and simulation},
  author={Kl{\"u}gl, Franziska and Bazzan, Ana LC},
  journal={Ai Magazine},
  volume={33},
  number={3},
  pages={29--29},
  year={2012}
}
@article{bonabeau2002agent,
  title={Agent-based modeling: Methods and techniques for simulating human systems},
  author={Bonabeau, Eric},
  journal={Proceedings of the national academy of sciences},
  volume={99},
  number={suppl\_3},
  pages={7280--7287},
  year={2002},
  publisher={National Acad Sciences}
}
@inproceedings{macal2007agent,
  title={Agent-based modeling and simulation: Desktop ABMS},
  author={Macal, Charles M and North, Michael J},
  booktitle={2007 Winter Simulation Conference},
  pages={95--106},
  year={2007},
  organization={IEEE}
}
@article{RosaSilvaMAS,
  title={Um ambiente Multiagent System (MAS) distribu{\'\i}do aplicado {\`a} gest{\~a}o integrada da opera{\c{c}}{\~a}o portu{\'a}ria},
  author={de Alvarenga Rosa, Rodrigo and da Silva Banos, Rafael and Angius, Bruno Mannato and Gomes, Thiara Cezana},
  journal={TRANSPORTES},
  volume={24},
  number={2},
  pages={34--45},
  year={2016}
}
@book{heppenstall2011agent,
  title={Agent-based models of geographical systems},
  author={Heppenstall, Alison J and Crooks, Andrew T and See, Linda M and Batty, Michael},
  year={2011},
  publisher={Springer Science \& Business Media}
}
@article{gamaplataform,
  title={Building, composing and experimenting complex spatial models with the GAMA platform},
  author={Taillandier, Patrick and Gaudou, Benoit and Grignard, Arnaud and Huynh, Quang-Nghi and Marilleau, Nicolas and Caillou, Philippe and Philippon, Damien and Drogoul, Alexis},
  journal={GeoInformatica},
  volume={23},
  number={2},
  pages={299--322},
  year={2019},
  publisher={Springer}
}
@article{gaudou2020comokit,
  title={Comokit: A modeling kit to understand, analyze, and compare the impacts of mitigation policies against the covid-19 epidemic at the scale of a city},
  author={Gaudou, Benoit and Huynh, Nghi Quang and Philippon, Damien and Brugi{\`e}re, Arthur and Chapuis, Kevin and Taillandier, Patrick and Larmande, Pierre and Drogoul, Alexis},
  journal={Frontiers in public health},
  volume={8},
  pages={563247},
  year={2020},
  publisher={Frontiers Media SA}
}
@article{souza2016nao,
  title={O (n{\~a}o) direito {\`a} educa{\c{c}}{\~a}o da comunidade Santa Luzia--Cidade Estrutural},
  author={Souza, K{\'e}ssya Siqueira da Silva de},
  year={2016}
}
@book{ramm2011openstreetmap,
  title={OpenStreetMap: using and enhancing the free map of the world},
  author={Ramm, Frederik and Topf, Jochen and Chilton, Steve},
  year={2011},
  publisher={UIT Cambridge Cambridge}
}
@misc{OpenStre2:online,
author = {},
title = {OpenStreetMap},
howpublished = {\url{https://docs.qgis.org/1.8/pt_BR/docs/user_manual/osm/openstreetmap.html}},
month = {},
year = {},
note = {(Accessed on 07/28/2022)}
}
@article{bruno2017aplicabilidade,
  title={Aplicabilidade de Sistemas de Informa{\c{c}}{\~o}es Geogr{\'a}ficas (SIGs) livres nas ci{\^e}ncias ambientais: o uso do QGIS},
  author={Bruno, Leandro Obadowiski},
  journal={Revista Brasileira de Gest{\~a}o Ambiental e Sustentabilidade},
  volume={4},
  number={8},
  pages={321--326},
  year={2017}
}
@misc{41Format2:online,
author = {},
title = {41 Formato Shapefile | Guia de Abertura de Dados},
howpublished = {\url{https://ceweb.br/guias/dados-abertos/capitulo-41/}},
month = {},
year = {},
note = {(Accessed on 07/28/2022)}
}